@article{forum,
  author    = {Jane Doe and John Doe},
  title     = {Sample Title of a {SIGIR Forum} Publication},
  journal   = {{SIGIR} Forum},
  volume    = {54},
  number    = {2},
  pages     = {1--2},
  year      = {2020}
}